
@misc{opus_codec,
    title = {Opus Interactive Audio Codec},
    howpublished = {\url{https://opus-codec.org/}},
    year = {2022},
    note = {[Online]}
}

@misc{evs_codec,
    title = {{EVS Codec}},
    howpublished = {\url{https://www.etsi.org/technologies/evs-codec}},
    year = {2022},
    note = {[Online]}
}


@article{brandenburg1999mpeg,
  author = {Brandenburg, Karlheinz},
  title = {{MPEG} audio coding: Basics and state of the art},
  journal = {Journal of the Audio Engineering Society},
  volume = {47},
  number = {10},
  pages = {789--814},
  year = {1999},
  month = oct
}

@article{sporer2004aac,
  title={The AAC audio coding standard: History and technical overview},
  author={Sporer, Thomas and Brandenburg, Karlheinz and Grill, Bernhard and Bosi, Marina and Stoll, Gerhard},
  journal={Journal of the Audio Engineering Society},
  volume={52},
  number={6},
  pages={618--631},
  year={2004},
  month={June},
}

@article{fraunhofer1997mp3,
  title={MP3: A digital audio coding format for consumer audio storage and transfer},
  author={Fraunhofer IIS},
  journal={Journal of the Audio Engineering Society},
  volume={45},
  number={9},
  pages={789--798},
  year={1997},
  month={Sep.},
}

@article{zhang2020survey,
  title={A survey on deep learning for audio signal processing},
  author={Zhang, Meng and Chen, Jia},
  journal={IEEE Transactions on Neural Networks and Learning Systems},
  volume={31},
  number={9},
  pages={3369--3413},
  year={2020},
}

@inproceedings{biswas2020audio,
  title={Audio codec enhancement with generative adversarial networks},
  author={Biswas, Arindam and Jia, Dai},
  booktitle={IEEE International Conference on Acoustics, Speech and Signal Processing (ICASSP)},
  pages={356--360},
  year={2020},
}

@article{van2016wavenet,
  title={WaveNet: A generative model for raw audio},
  author={van den Oord, Aaron and Dieleman, Sander and Zen, Heiga and Simonyan, Karen and Vinyals, Oriol and Graves, Alex and Kalchbrenner, Nal and Senior, Andrew and Kavukcuoglu, Koray},
  journal={arXiv preprint arXiv:1609.03499},
  year={2016},
}

@inproceedings{kleijn2018wavenet,
  title={WaveNet based low rate speech coding},
  author={Kleijn, WB and Lim, FS and Luebs, A and Skoglund, J and Stimberg, F and Wang, Q and Walters, TC},
  booktitle={IEEE international conference on acoustics, speech and signal processing (ICASSP)},
  pages={676--680},
  year={2018},
}

@inproceedings{garbacea2019low,
  title={Low bit-rate speech coding with VQ-VAE and a WaveNet decoder},
  author={Garbacea, Cristina and den Oord, Aäron van and Li, Yazhe and Lim, Felicia S C and Luebs, Alejandro and Vinyals, Oriol and Walters, Thomas C},
  booktitle={IEEE International Conference on Acoustics, Speech and Signal Processing (ICASSP)},
  pages={735--739},
  year={2019},
}

@article{kalchbrenner2018efficient,
  title={Efficient neural audio synthesis},
  author={Kalchbrenner, N. and Elsen, E. and Simonyan, K. and Noury, S. and Casagrande, N. and Lockhart, E. and Stimberg, F. and van den Oord, A. and Dieleman, S. and Kavukcuoglu, K.},
  journal={arXiv preprint arXiv:1802.08435},
  year={2018}
}

@inproceedings{oord2018parallel,
  title={Parallel WaveNet: Fast high-fidelity speech synthesis},
  author={van den Oord, A{\"a}ron and Li, Yazhe and Babuschkin, Igor and Simonyan, Karen and Vinyals, Oriol and Kavukcuoglu, Koray and van den Driessche, George and Lockhart, Eddie and Cobo, Luis and Stimberg, Florian and Casagrande, Nicola and Grewe, Dominik and Noury, Sander and Dieleman, Sander and Elsen, Eric and Kalchbrenner, Nal and Zen, Heiga and Graves, Alex and King, Helen and Walters, Tom and Belov, Dmitry and Hassabis, Demis},
  booktitle={Proceedings of the 35th International Conference on Machine Learning},
  pages={3918--3926},
  year={2018}
}

@inproceedings{zhen2019cascaded,
  title={Cascaded cross-module residual learning towards lightweight end-to-end speech coding},
  author={Zhen, Kai and Sung, Jongmo and Lee, Mi Suk and Beack, Seungkwon and Kim, Minje},
  booktitle={Proceedings of the Annual Conference of the International Speech Communication Association (Interspeech)},
  pages={1128--1132},
  year={2019},
  address={Graz, Austria},
  month={September}
}

@article{zeghidour2021soundstream,
  title={Soundstream: An end-to-end neural audio codec},
  author={Zeghidour, Neil and Luebs, Alejandro and Omran, Ahmed and Skoglund, Jan and Tagliasacchi, Marco},
  journal={IEEE/ACM Transactions on Audio, Speech, and Language Processing},
  year={2021}
}

@article{chorowski2019unsupervised,
  title={Unsupervised speech representation learning using WaveNet autoencoders},
  author={Chorowski, Jan and Weiss, Ron J and Bengio, Samy and van den Oord, A{\"a}ron},
  journal={arXiv preprint arXiv:1901.08810},
  year={2019},
  eprint={1901.08810},
  archivePrefix={arXiv},
  primaryClass={cs.SD}
}

@article{defossez2022high,
  title={High Fidelity Neural Audio Compression},
  author={Défossez, Alexandre and Copet, Jade and Synnaeve, Gabriel and Adi, Yossi},
  journal={arXiv preprint arXiv:2210.13438},
  year={2022},
  eprint={2210.13438},
  archivePrefix={arXiv},
  primaryClass={cs.SD}
}

@inproceedings{skoglund2019waveform,
  title={Waveform coding using deep generative models},
  author={Skoglund, Jan and Valin, Jean-Marc},
  booktitle={2019 IEEE International Conference on Acoustics, Speech and Signal Processing (ICASSP)},
  pages={245--249},
  year={2019},
  organization={IEEE}
}

@article{valin2019neural,
  title={Neural speech compression for low-bitrate communications},
  author={Valin, Jean-Marc and Skoglund, Jan},
  journal={arXiv preprint arXiv:1911.10436},
  year={2019}
}

@inproceedings{garbacea2019vector,
  title={A vector quantized variational autoencoder approach to generative speech modeling},
  author={Gârbacea, Cătălin and Liao, Shiyu and Baevski, Alexei and Zweig, Geoffrey},
  booktitle={ICASSP 2019-2019 IEEE International Conference on Acoustics, Speech and Signal Processing (ICASSP)},
  pages={6455--6459},
  year={2019},
}

@article{lim2020high,
  title={High-quality and efficient generative models for audio synthesis using self-attention and dilated convolutions},
  author={Lim, Jaehoon and Sung, Junho and Kim, Changho},
  journal={arXiv preprint arXiv:2006.04922},
  year={2020},
  url={https://arxiv.org/abs/2006.04922}
}

@inproceedings{kleijn2018straight,
  title={Straight-to-audio deep residual network for efficient spectral envelope estimation from bandlimited speech signals},
  author={Kleijn, W Bastiaan and Laaksonen, Jorma},
  booktitle={2018 IEEE International Conference on Acoustics, Speech and Signal Processing (ICASSP)},
  pages={5304--5308},
  year={2018},
}

@article{kleijn2021deep,
  title={Deep neural network-based spectral envelope compression for efficient wideband telephony},
  author={Kleijn, W Bastiaan and Laaksonen, Jorma},
  journal={IEEE Transactions on Audio, Speech, and Language Processing},
  volume={29},
  pages={396--407},
  year={2021},
}

@article{jayashankar2022role,
  title={On the role of quantization in autoencoder-based speech compression},
  author={Jayashankar, Vineeth and Shen, Xiaohan and Narayanan, Shrikanth},
  journal={arXiv preprint arXiv:2202.00908},
  year={2022}
}

@article{jiang2022new,
  title={A new design for a low-bitrate speech codec based on VQVAE},
  author={Jiang, Xiaoyu and Peng, Shenghui and Yan, Yujia},
  journal={arXiv preprint},
  year={2022}
}

@inproceedings{morishima1990speech,
  title={Speech coding based on a multi-layer neural network},
  author={Morishima, Shigeru and Harashima, Hiroshi and Katayama, Yoshinori},
  booktitle={IEEE International Conference on Communications, Including Supercomm Technical Sessions},
  pages={429--433},
  year={1990},
}

@inproceedings{kankanahalli2018end,
  title={End-to-end optimized speech coding with deep neural networks},
  author={Kankanahalli, Sharath},
  booktitle={IEEE International Conference on Acoustics, Speech and Signal Processing (ICASSP)},
  pages={2521--2525},
  year={2018},
}

@article{kumar2019melgan,
  title={MelGAN: Generative Adversarial Networks for Conditional Waveform Synthesis},
  author={Kumar, Kumar, Kundan and Kumar, Rithesh and De Boissiere, Thibault and Gestin,
           Lucas and Teoh, Wei Zhen and Sotelo, Jose and de Br{\'e}bisson, Alexandre and Bengio, Yoshua and Courville, Aaron C},
  journal={arXiv preprint arXiv:1910.06711},
  year={2019}
}

@article{kwon2020hifi,
  title={HiFi-GAN: Generative Adversarial Networks for Efficient and High Fidelity Speech Synthesis},
  author={Kong, Jungil and Kim, Jaehyeon and Bae, Jaekyoung},
  journal={arXiv preprint arXiv:2010.05646},
  year={2020}
}

@misc{muscan,
  title={MUSCAN dataset},
  howpublished = {\url{https://github.com/microsoft/multimodal-speech-corpora}},
  year={2020}
}

@techreport{itu-r-bs1534-1,
  title={Method for the subjective assessment of intermediate quality level of coding systems},
  author={ITU-R},
  year={2001},
  institution={International Telecommunications Union}
}

@techreport{itu-t-p862,
  title={Perceptual evaluation of speech quality (PESQ): an objective method for end-to-end speech quality assessment of narrow-band telephone networks and speech codecs},
  author={ITU},
  year={2001},
  institution={International Telecommunications Union}
}

@techreport{itu-t-p863,
  title={Perceptual objective listening quality assessment},
  author={ITU},
  year={2018},
  institution={International Telecommunications Union}
}

@inproceedings{visqol-2012,
  title={ViSQOL: The virtual speech quality objective listener},
  author={Hines, Andrew and Skoglund, Jan and Kokaram, Anil and Harte, Naomi},
  booktitle={International Workshop on Acoustic Signal Enhancement (IWAENC)},
  year={2012},
  pages={1--4}
}

@inproceedings{visqol-v3-2020,
  title={ViSQOL v3: an open source production ready objective speech and audio metric},
  author={Chinen, Michael and Lim, Felicia S. C. and Skoglund, Jan and Gureev, Nikita and O'Gorman,  Feargus and Hines, Andrew},
  booktitle={Twelfth International Conference on Quality of Multimedia Experience (QoMEX)},
  year={2020},
  pages={1--6}
}

@inproceedings{fang2020vq,
  title={VQ-VAE based multi-band spectrogram modeling for voice conversion},
  author={Fang, Yifei and Hu, Rui and Xie, Lei and Lee, Chin-Hui},
  booktitle={Proceedings of Interspeech},
  year={2020}
}

@article{donahue2019adversarial,
  title={Adversarial audio synthesis},
  author={Donahue, Chris and McAuley, Julian and Puckette, Miller},
  journal={arXiv preprint arXiv:1911.12616},
  year={2019}
}

@article{clevert2015fast,
  title={Fast and accurate deep network learning by exponential linear units (ELUs)},
  author={Clevert, Djork-Arn{\'e} and Unterthiner, Thomas and Hochreiter, Sepp},
  journal={arXiv preprint arXiv:1511.07289},
  year={2015}
}

@inproceedings{tagliasacchi2020seanet,
  title={SEANet: A multimodal speech enhancement network},
  author={Tagliasacchi, Marco and Li, Yunpeng and Misiunas, Karolis and Roblek, Daniel},
  booktitle={Interspeech},
  pages={1126--1130},
  year={2020},
}

@inproceedings{oord2017neural,
  title={Neural discrete representation learning},
  author={Van Den Oord, A{\"a}ron and Vinyals, Oriol and kavukcuoglu, koray},
  booktitle={Advances in Neural Information Processing Systems},
  volume={30},
  pages={6306--6315},
  year={2017}
}

@inproceedings{wang2018high,
  title={High-resolution image synthesis and semantic manipulation with conditional GANs},
  author={Wang, Ting-Chun and Liu, Ming-Yu and Zhu, Jun-Yan and Tao, Andrew and Kautz, Jan and Catanzaro, Bryan},
  booktitle={Proceedings of the IEEE Conference on Computer Vision and Pattern Recognition},
  pages={8798--8807},
  year={2018}
}

@article{yamamoto2019probability,
  title={Probability density distillation with generative adversarial networks for high-quality parallel waveform generation},
  author={Yamamoto, Ryuichi and Song, Eunwoo and Kim, Jaehyeon M},
  journal={arXiv preprint arXiv:1904.04472},
  year={2019}
}

@article{srivastava2014dropout,
  title={Dropout: A Simple Way to Prevent Neural Networks from Overfitting},
  author={Srivastava, Nitish and Hinton, Geoffrey and Krizhevsky, Alex and Sutskever, Ilya and Salakhutdinov, Ruslan},
  journal={Journal of Machine Learning Research},
  volume={15},
  number={1},
  pages={1929--1958},
  year={2014}
}

@inproceedings{he2016identity,
  title={Identity Mappings in Deep Residual Networks},
  author={He, Kaiming and Zhang, Xiangyu and Ren, Shaoqing and Sun, Jian},
  booktitle={European Conference on Computer Vision},
  year={2016},
  pages={630--645}
}























